@misc{buta2011galaxy,
  title={Galaxy Morphology},
  author={Ronald J. Buta},
  year={2011},
  eprint={1102.0550},
  archivePrefix={arXiv},
  primaryClass={astro-ph.CO}
}

@article{hubble1926,
author = {{Hubble}, E.~P.},
title = "{Extragalactic nebulae.}",
journal = {Astrophysical Journal},
year = "1926",
month = "Dec",
volume = {64},
pages = {321-369},
doi = {10.1086/143018},
adsurl = {https://ui.adsabs.harvard.edu/abs/1926ApJ....64..321H},
adsnote = {Provided by the SAO/NASA Astrophysics Data System}
}

@article{yamauchi2005,
  title={Morphological Classification of Galaxies Using Photometric Parameters: The Concentration Index versus the Coarseness Parameter},
  volume={130},
  ISSN={1538-3881},
  url={http://dx.doi.org/10.1086/444416},
  DOI={10.1086/444416},
  number={4},
  journal={The Astronomical Journal},
  publisher={IOP Publishing},
  author={Yamauchi, Chisato and Ichikawa, Shin-ichi and Doi, Mamoru and Yasuda, Naoki and Yagi, Masafumi and Fukugita, Masataka and Okamura, Sadanori and Nakamura, Osamu and Sekiguchi, Maki and Goto, Tomotsugu},
  year={2005},
  month={Oct},
  pages={1545–1557}
}

@inbook{fortson2012,
author = {{Fortson}, Lucy and {Masters}, Karen and {Nichol}, Robert and
      {Borne}, Kirk D. and {Edmondson}, Edward M. and {Lintott}, Chris and
      {Raddick}, Jordan and {Schawinski}, Kevin and {Wallin}, John},
title = "{Galaxy Zoo: Morphological Classification and Citizen Science}",
keywords = {Astrophysics - Instrumentation and Methods for Astrophysics, Astrophysics - Cosmology and Extragalactic Astrophysics},
booktitle = {Advances in Machine Learning and Data Mining for Astronomy, CRC Press, Taylor \& Francis Group, Eds.: Michael J. Way, Jeffrey D. Scargle, Kamal M. Ali, Ashok N. Srivastava, p. 213-236},
year = "2012",
editor = {{Way}, Michael J. and {Scargle}, Jeffrey D. and {Ali}, Kamal M. and
      {Srivastava}, Ashok N.},
pages = {213-236},
adsurl = {https://ui.adsabs.harvard.edu/abs/2012amld.book..213F},
adsnote = {Provided by the SAO/NASA Astrophysics Data System}
}

@article{hart2016,
author = {Hart, Ross E. and Bamford, Steven P. and Willett, Kyle W. and Masters, Karen L. and Cardamone, Carolin and Lintott, Chris J. and Mackay, Robert J. and Nichol, Robert C. and Rosslowe, Christopher K. and Simmons, Brooke D. and Smethurst, Rebecca J.},
title = "{Galaxy Zoo: comparing the demographics of spiral arm number and a new method for correcting redshift bias}",
journal = {Monthly Notices of the Royal Astronomical Society},
volume = {461},
number = {4},
pages = {3663-3682},
year = {2016},
month = {07},
issn = {0035-8711},
doi = {10.1093/mnras/stw1588},
url = {https://doi.org/10.1093/mnras/stw1588},
eprint = {https://academic.oup.com/mnras/article-pdf/461/4/3663/8112546/stw1588.pdf},
}

@article{barchi2020,
  title={Machine and Deep Learning applied to galaxy morphology - A comparative study},
  volume={30},
  ISSN={2213-1337},
  url={http://dx.doi.org/10.1016/j.ascom.2019.100334},
  DOI={10.1016/j.ascom.2019.100334},
  journal={Astronomy and Computing},
  publisher={Elsevier BV},
  author={Barchi, P.H. and de Carvalho, R.R. and Rosa, R.R. and Sautter, R.A. and Soares-Santos, M. and Marques, B.A.D. and Clua, E. and Gonçalves, T.S. and de Sá-Freitas, C. and Moura, T.C.},
  year={2020},
  month={Jan},
  pages={100334}
}

@misc{dai2018,
  title={Galaxy Morphology Classification with Deep Convolutional Neural Networks},
  author={Jia-Ming Dai and Jizhou Tong},
  year={2018},
  eprint={1807.10406},
  archivePrefix={arXiv},
  primaryClass={astro-ph.GA}
}

@article{oliveira2019,
  title={The Southern Photometric Local Universe Survey (S-PLUS): improved SEDs, morphologies, and redshifts with 12 optical filters},
  volume={489},
  ISSN={1365-2966},
  url={http://dx.doi.org/10.1093/mnras/stz1985},
  DOI={10.1093/mnras/stz1985},
  number={1},
  journal={Monthly Notices of the Royal Astronomical Society},
  publisher={Oxford University Press (OUP)},
  author={Mendes de Oliveira, C and Ribeiro, T and Schoenell, W and Kanaan, A and Overzier, R A and Molino, A and Sampedro, L and Coelho, P and Barbosa, C E and Cortesi, A and et al.},
  year={2019},
  month={Aug},
  pages={241–267}
}

@article{srivastava2014,
  author  = {Nitish Srivastava and Geoffrey Hinton and Alex Krizhevsky and Ilya Sutskever and Ruslan Salakhutdinov},
  title   = {Dropout: A Simple Way to Prevent Neural Networks from Overfitting},
  journal = {Journal of Machine Learning Research},
  year    = {2014},
  volume  = {15},
  pages   = {1929-1958},
  url     = {http://jmlr.org/papers/v15/srivastava14a.html}
}

@misc{hinton2012,
  title={Improving neural networks by preventing co-adaptation of feature detectors},
  author={Geoffrey E. Hinton and Nitish Srivastava and Alex Krizhevsky and Ilya Sutskever and Ruslan R. Salakhutdinov},
  year={2012},
  eprint={1207.0580},
  archivePrefix={arXiv},
  primaryClass={cs.NE}
}

@misc{wardefarley2013,
  title={An empirical analysis of dropout in piecewise linear networks},
  author={David Warde-Farley and Ian J. Goodfellow and Aaron Courville and Yoshua Bengio},
  year={2013},
  eprint={1312.6197},
  archivePrefix={arXiv},
  primaryClass={stat.ML}
}

@online{cardoso2020,
  author = {{Cardoso}, Natanael Magalhães},
  title = {Automatizando o download de imagens do SDSS},
  url = {https://iagml.github.io/blog/2019/11/automatizando-download-de-imagens-do-sdss},
  urldate = {2020-01-15}
}

@article{Fawcett2006,
  doi = {10.1016/j.patrec.2005.10.010},
  url = {https://doi.org/10.1016/j.patrec.2005.10.010},
  year = {2006},
  month = jun,
  publisher = {Elsevier {BV}},
  volume = {27},
  number = {8},
  pages = {861--874},
  author = {Tom Fawcett},
  title = {An introduction to {ROC} analysis},
  journal = {Pattern Recognition Letters}
}

@article{Hanley1982,
  doi = {10.1148/radiology.143.1.7063747},
  url = {https://doi.org/10.1148/radiology.143.1.7063747},
  year = {1982},
  month = apr,
  publisher = {Radiological Society of North America ({RSNA})},
  volume = {143},
  number = {1},
  pages = {29--36},
  author = {J A Hanley and B J McNeil},
  title = {The meaning and use of the area under a receiver operating characteristic ({ROC}) curve.},
  journal = {Radiology}
}